% So sieht der Biblatex Eintag für eine Abschlussarbeit aus:
@thesis{ma-sebastian,
author = {Müller, Sebastian},
title = {Clear Sight in Cherenkov-Astronomy},
subtitle = {Investigations of Reflector Geometry and Mirror Alignment for the FACT-Telescope},
year = {2014},
type = {Masterarbeit},
school = {TU Dortmund}
}

% ein Lehrbuch:
@book{kuypers,
    author = {Kuypers, Friedhelm},
    title = {Klassische Mechanik},
    year = {2010},
    publisher = {Wiley-VCH},
    series = {9. Auflage}
}

@BOOK{handbook_adhesives,
  editor =       {Satas, D.},
  TITLE =        {Handbook of pressure sensitive adhesive technology},
  PUBLISHER =    {Van Nostrand Reinhold},
  YEAR =         {1989},
  address =      {New York},
  edition =      {2nd},
}


% Ein in einem Journal veröffentlichter Artikel (Paper):
@article{pdg,
      author         = "Beringer, J. and others",
      title          = "{Review of Particle Physics (RPP)}",
      collaboration  = "Particle Data Group",
      journal        = "Phys.Rev.",
      volume         = "D86",
      pages          = "010001",
      doi            = "10.1103/PhysRevD.86.010001",
      year           = "2012",
      SLACcitation   = "%%CITATION = PHRVA,D86,010001;%%",
}

@ARTICLE{einstein,
  author = {Einstein, A.},
  title = {A Generalization of the relativistic theory of Gravitation},
  journal = {Annals of Mathematics},
  year = {1945},
  volume = {46},
  pages = {578-584},
  number = {4}
  }

% eine Internet Quelle
@MANUAL{siunitx,
    title   = {siunitx - A comprehensive (SI) units package},
    url = {http://mirror.selfnet.de/tex-archive/macros/latex/contrib/siunitx/siunitx.pdf},
    date = {2013},
    author = {Wright, Joseph}
}
@MANUAL{koma,
    title   = {KOMA -Script},
    subtitle = {ein wandelbares LaTeX-Paket},
    url = {http://mirror.selfnet.de/tex-archive/macros/latex/contrib/koma-script/doc/scrguide.pdf},
    date = {2013},
    author = {Kohm, Markus and Morawski, Jens-Uwe}
}
@MANUAL{biblatex,
    title   = {The Biblatex Package},
    subtitle = {Programmable Bibliographies and Citations},
    url = {ftp://ftp.fu-berlin.de/tex/CTAN/macros/latex/contrib/biblatex/doc/biblatex.pdf},
    date = {2014},
    author = {Lehman, Philipp and others}
}
@ELECTRONIC{make,
    title   = {Gnu-Make Homepage},
    url = {http://www.gnu.org/software/make/},
    date = {2014},
}
@ELECTRONIC{toolbox,
    title   = {Pep et al.\ Toolbox -- \LaTeX-Folien},
    url = {http://toolbox.pep-dortmund.org/files/archive/2014/latex.pdf},
    date = {2014},
}
@ELECTRONIC{gitbash,
    title   = {Git Bash - Download},
    url = {http://msysgit.github.io/},
    date = {2014},
}
@ELECTRONIC{pleser,
    title   = {Modern Packages for LaTeX},
    url = {http://philippleser.de/physics/latex},
    date = {2014},
    author = {Leser, Philipp},
}
@MANUAL{l2tabu,
    title   = {Das LATEX2ε-Sündenregister},
    author = {Ensenbach, Marc and Trettin, Mark},
    url = {ftp://ftp.mpi-sb.mpg.de/pub/tex/mirror/ftp.dante.de/pub/tex/info/l2tabu/german/l2tabu.pdf},
    date = {2011},
}
@ELECTRONIC{texmaker,
    title   = {Texmaker},
    subtitle =  {The universal LaTeX editor, Downloads},
    url = {http://www.xm1math.net/texmaker/download.html},
    date = {2014},
}

@unpublished{Ward:2665175,
    author        = "Ward, Emma",
    title         = "{Key Particle Discoveries Timeline}",
    year          = "2019",
    url           = "https://cds.cern.ch/record/2665175",
    note          = "General Photo",
}
@article{PhysRev.104.254,
  title = {Question of Parity Conservation in Weak Interactions},
  author = {Lee, T. D. and Yang, C. N.},
  journal = {Phys. Rev.},
  volume = {104},
  issue = {1},
  pages = {254--258},
  numpages = {0},
  year = {1956},
  publisher = {American Physical Society},
  doi = {10.1103/PhysRev.104.254},
  url = {https://link.aps.org/doi/10.1103/PhysRev.104.254},
}
@article{AHF,
    title = {Chien-Shiung Wu},
    author = {Ronald K. Smeltzer},
    year = "2022",
    url = "https://ahf.nuclearmuseum.org/ahf/profile/chien-shiung-wu/",
    publisher = {Atomic Heritage Foundation},
}
@article{NIST,
    title = {The Reversal of Parity Law in Nuclear Physics},
    year = {2023},
    url = "https://www.nist.gov/pml/fall-parity/reversal-parity-law-nuclear-physics",
    publisher = {National Institute of Standards and Technology},
}
@article{Wu:2008zzm,
    author = "Wu, Chien-Shiung",
    title = "{The discovery of the parity violation in weak interactions and its recent developments}",
    doi = "10.1007/978-4-431-77056-5_4",
    journal = "Lect. Notes Phys.",
    volume = "746",
    pages = "43--70",
    year = "2008",
}
@article{PhysRev.105.1413,
  title = {Experimental Test of Parity Conservation in Beta Decay},
  author = {Wu, C. S. and Ambler, E. and Hayward, R. W. and Hoppes, D. D. and Hudson, R. P.},
  journal = {Phys. Rev.},
  volume = {105},
  issue = {4},
  pages = {1413--1415},
  numpages = {0},
  year = {1957},
  publisher = {American Physical Society},
  doi = {10.1103/PhysRev.105.1413},
  url = {https://link.aps.org/doi/10.1103/PhysRev.105.1413},
}
@article{CHIROVSKY1980127,
    title = {Directional distributions of beta-rays emitted from polarized 60Co nuclei},
    journal = {Physics Letters B},
    volume = {94},
    number = {2},
    pages = {127-130},
    year = {1980},
    issn = {0370-2693},
    doi = {https://doi.org/10.1016/0370-2693(80)90840-0},
    url = {https://www.sciencedirect.com/science/article/pii/0370269380908400},
    author = {L.M. Chirovsky and W.P. Lee and A.M. Sabbas and J.L. Groves and C.S. Wu},
}
@article{AntiSymmetryLHC,
    title = {Largest matti-antimatter asymmetry observed},
    author = {Piotr Tracyzk},
    year = "2022",
    url = {https://home.cern/news/news/physics/largest-matter-antimatter-asymmetry-observed},
}
@article{DesyGluon,
    title = {The discovery of the gluon - a journey back in time to the 70s},
    publisher = {contentDeutsches Elektronen-Synchrotron DESY},
    year = "2020",
    url = {https://www.desy.de/news/backgrounders/40_years_of_gluon/index_eng.html},
}
@article{Gaillard1998ui,
    author = "Gaillard, Mary K. and Grannis, Paul D. and Sciulli, Frank J.",
    title = "{The Standard model of particle physics}",
    eprint = "hep-ph/9812285",
    archivePrefix = "arXiv",
    reportNumber = "SUNY-SB-PHYS-98-007",
    doi = "10.1103/RevModPhys.71.S96",
    journal = "Rev. Mod. Phys.",
    volume = "71",
    pages = "S96--S111",
    year = "1999",
}
@book{CaseStudies,
    author = {Laymon, Ronald and Franklin Allan},
    title = {Case Studies in Experimental Physics},
    subtitle = {Why Scientists Pursue Investigation},
    year = {2022},
    edition = {1st},
    doi = {https://doi.org/10.1007/978-3-031-12608-6},
    publisher = {Springer Cham},
}
@article{PhysRev.105.1671,
  title = {Parity Nonconservation and a Two-Component Theory of the Neutrino},
  author = {Lee, T. D. and Yang, C. N.},
  journal = {Phys. Rev.},
  volume = {105},
  issue = {5},
  pages = {1671--1675},
  numpages = {0},
  year = {1957},
  publisher = {American Physical Society},
  doi = {10.1103/PhysRev.105.1671},
  url = {https://link.aps.org/doi/10.1103/PhysRev.105.1671}
}
